<record><leader>00000cas a2200000 a 4500</leader><controlfield tag="001">11794539</controlfield><controlfield tag="008">850312d19801986iaudn ne      0    0eng c</controlfield><datafield ind1=" " ind2=" " tag="010"><subfield code="a">sn 85050764 </subfield></datafield><datafield ind1=" " ind2=" " tag="040"><subfield code="a">INP</subfield><subfield code="b">eng</subfield><subfield code="c">INP</subfield><subfield code="d">NVF</subfield><subfield code="d">OCLCQ</subfield><subfield code="d">OCLCF</subfield><subfield code="d">OCLCO</subfield></datafield><datafield ind1="1" ind2=" " tag="029"><subfield code="a">AU@</subfield><subfield code="b">000020368945</subfield></datafield><datafield ind1=" " ind2=" " tag="042"><subfield code="a">pcc</subfield></datafield><datafield ind1=" " ind2=" " tag="043"><subfield code="a">n-us-ia</subfield></datafield><datafield ind1="0" ind2="0" tag="245"><subfield code="a">Ames tribune.</subfield></datafield><datafield ind1="3" ind2="0" tag="246"><subfield code="a">Ames daily tribune weekender edition</subfield></datafield><datafield ind1="1" ind2="3" tag="246"><subfield code="a">Ames daily tribune</subfield></datafield><datafield ind1="3" ind2="0" tag="246"><subfield code="a">Tribune weekender</subfield></datafield><datafield ind1="3" ind2="0" tag="246"><subfield code="a">Weekender</subfield></datafield><datafield ind1=" " ind2=" " tag="260"><subfield code="a">Ames, Iowa :</subfield><subfield code="b">Ames Daily Tribune-Times Co.,</subfield><subfield code="c">1980-1986.</subfield></datafield><datafield ind1=" " ind2=" " tag="300"><subfield code="a">8 v. :</subfield><subfield code="b">ill.</subfield></datafield><datafield ind1=" " ind2=" " tag="310"><subfield code="a">Daily (except Sunday)</subfield></datafield><datafield ind1="0" ind2=" " tag="362"><subfield code="a">Vol. 112, no. 290 (June 9, 1980)-v.119, no. 84 (Oct. 7, 1986).</subfield></datafield><datafield ind1=" " ind2=" " tag="500"><subfield code="a">Saturday issue called: Tribune weekender, 1980- ; Ames daily tribune, weekender edition, -Oct. 4, 1986.</subfield></datafield><datafield ind1=" " ind2="0" tag="651"><subfield code="a">Ames (Iowa)</subfield><subfield code="v">Newspapers.</subfield></datafield><datafield ind1=" " ind2="7" tag="655"><subfield code="a">Newspapers.</subfield><subfield code="2">fast</subfield><subfield code="0">(OCoLC)fst01423814</subfield></datafield><datafield ind1=" " ind2="7" tag="651"><subfield code="a">Iowa</subfield><subfield code="z">Ames.</subfield><subfield code="2">fast</subfield><subfield code="0">(OCoLC)fst01207548</subfield></datafield><datafield ind1=" " ind2=" " tag="752"><subfield code="a">United States</subfield><subfield code="b">Iowa</subfield><subfield code="c">Story</subfield><subfield code="d">Ames.</subfield></datafield><datafield ind1="0" ind2="0" tag="780"><subfield code="t">Ames daily tribune (Ames, Iowa : 1938)</subfield><subfield code="w">(DLC)sn 85050766</subfield></datafield><datafield ind1="0" ind2="0" tag="785"><subfield code="t">Ames daily tribune (Ames, Iowa : 1986)</subfield><subfield code="w">(DLC)sn 86060300</subfield></datafield></record>